<record><leader>00000cas a22000007a 4500</leader><controlfield tag="001">10540510</controlfield><controlfield tag="008">840320d18661882njuwr ne      0    0eng d</controlfield><datafield ind1=" " ind2=" " tag="010"><subfield code="a">sn 84026643 </subfield></datafield><datafield ind1=" " ind2=" " tag="040"><subfield code="a">NPU</subfield><subfield code="b">eng</subfield><subfield code="c">NPU</subfield><subfield code="d">NPA</subfield><subfield code="d">NJW</subfield><subfield code="d">NYS</subfield><subfield code="d">OCLCQ</subfield></datafield><datafield ind1=" " ind2=" " tag="042"><subfield code="a">msc</subfield></datafield><datafield ind1="0" ind2=" " tag="130"><subfield code="a">New-Brunswick weekly Fredonian (New Brunswick, N.J. : 1866)</subfield></datafield><datafield ind1="1" ind2="0" tag="245"><subfield code="a">New-Brunswick weekly Fredonian.</subfield></datafield><datafield ind1=" " ind2=" " tag="260"><subfield code="a">New Brunswick, N.J. :</subfield><subfield code="b">Babcock &amp; Johnson,</subfield><subfield code="c">1866-1882.</subfield></datafield><datafield ind1=" " ind2=" " tag="300"><subfield code="a">v. :</subfield><subfield code="b">ill. (chiefly advertisements) ;</subfield><subfield code="c">68 cm.</subfield></datafield><datafield ind1=" " ind2=" " tag="310"><subfield code="a">Weekly</subfield></datafield><datafield ind1="0" ind2=" " tag="362"><subfield code="a">Vol. 55, no. 39 (Jan. 4, 1866)- ; -71st yr., no. 46 (Feb. 23, 1882).</subfield></datafield><datafield ind1=" " ind2=" " tag="500"><subfield code="a">Publishers: John F. Babcock, 1866-1869; Babcock &amp; Co., &lt;1869&gt;; John F. Babcock, &lt;1880&gt;-1882.</subfield></datafield><datafield ind1=" " ind2=" " tag="525"><subfield code="a">Supplements accompany some issues.</subfield></datafield><datafield ind1=" " ind2=" " tag="530"><subfield code="a">Also issued on microfilm by Norton Micro Images.</subfield></datafield><datafield ind1=" " ind2=" " tag="580"><subfield code="a">Daily ed.: New-Brunswick daily Fredonian.</subfield></datafield><datafield ind1=" " ind2=" " tag="752"><subfield code="a">United States</subfield><subfield code="b">New Jersey</subfield><subfield code="c">Middlesex</subfield><subfield code="d">New Brunswick.</subfield></datafield><datafield ind1="1" ind2=" " tag="775"><subfield code="t">New-Brunswick daily Fredonian</subfield><subfield code="w">(DLC)   84026644</subfield><subfield code="w">(OCoLC)10539666</subfield></datafield><datafield ind1="0" ind2="0" tag="780"><subfield code="t">New-Brunswick Fredonian</subfield><subfield code="w">(DLC)sn 84025705</subfield><subfield code="w">(OCoLC)10303008</subfield></datafield><datafield ind1="0" ind2="0" tag="785"><subfield code="t">New-Brunswick semi-weekly Fredonian</subfield><subfield code="w">(DLC)sn 85036038</subfield><subfield code="w">(OCoLC)12605186</subfield></datafield><datafield ind1="1" ind2=" " tag="029"><subfield code="a">AU@</subfield><subfield code="b">000020333407</subfield></datafield></record>